<record><leader>00000cas a2200000 a 4500</leader><controlfield tag="001">34201405</controlfield><controlfield tag="008">960216d190u1920fluir ne      0   a0eng c</controlfield><datafield ind1=" " ind2=" " tag="010"><subfield code="a">sn 96027172 </subfield></datafield><datafield ind1=" " ind2=" " tag="040"><subfield code="a">FUG</subfield><subfield code="b">eng</subfield><subfield code="c">FUG</subfield><subfield code="d">OCLCQ</subfield><subfield code="d">DLC</subfield><subfield code="d">FUG</subfield><subfield code="d">OCLCQ</subfield><subfield code="d">OCLCF</subfield><subfield code="d">OCLCO</subfield></datafield><datafield ind1=" " ind2=" " tag="019"><subfield code="a">994443617</subfield></datafield><datafield ind1="1" ind2=" " tag="022"><subfield code="a">1940-977X</subfield><subfield code="l">1940-977X</subfield><subfield code="2">1</subfield></datafield><datafield ind1="1" ind2=" " tag="029"><subfield code="a">AU@</subfield><subfield code="b">000025919410</subfield></datafield><datafield ind1="1" ind2=" " tag="029"><subfield code="a">NZ1</subfield><subfield code="b">16070514</subfield></datafield><datafield ind1=" " ind2=" " tag="042"><subfield code="a">pcc</subfield><subfield code="a">nsdp</subfield></datafield><datafield ind1=" " ind2=" " tag="043"><subfield code="a">n-us-fl</subfield></datafield><datafield ind1="0" ind2="0" tag="050"><subfield code="a">Newspaper</subfield></datafield><datafield ind1=" " ind2="0" tag="222"><subfield code="a">Fort Pierce news</subfield></datafield><datafield ind1="0" ind2="0" tag="245"><subfield code="a">Fort Pierce news.</subfield></datafield><datafield ind1=" " ind2=" " tag="260"><subfield code="a">Fort Pierce, Fla. :</subfield><subfield code="b">Arthur B. Brosn</subfield></datafield><datafield ind1=" " ind2=" " tag="300"><subfield code="a">v.</subfield></datafield><datafield ind1=" " ind2=" " tag="310"><subfield code="a">Triweekly,</subfield><subfield code="b">Nov. 15-&lt;Dec. 29, 1917&gt;</subfield></datafield><datafield ind1=" " ind2=" " tag="321"><subfield code="a">Weekly,</subfield><subfield code="b">&lt;1906&gt;-Nov. 9, 1917</subfield></datafield><datafield ind1="1" ind2=" " tag="362"><subfield code="a">Ceased in 1920.</subfield></datafield><datafield ind1="1" ind2=" " tag="520"><subfield code="a">The Fort Pierce (FL) News [LCCN sn96027172] was originally published by Arthur B. Brosn as a weekly from 1903 through November 9, 1917. From November 15, 1917 through 1920, the newspaper published triweekly. On March 1, 1920, the Fort Pierce News merged with the St. Lucie County (FL) Tribune [LCCN sn89058426] to form the Fort Pierce (FL) News-Tribune [LCCN sn96027171]. The St. Lucie County Tribune was the Fort Pierce News' younger rival, the News being two years older than the Tribune. Fort Pierce (FL) is a city in St. Lucie County (FL) and sits on the Indian River astride Florida's Atlantic Ocean coast. It was incorporated in 1901 and named as the new county's seat of government in 1905. St. Lucie County was formed in 1905 from southern Brevard County (FL). Between 1917 and 1925, various parts of St. Lucie County were separated to form Okeechobee County (FL), Martin County (FL), and Palm Beach County (FL). Fishing was key to the early economy of the City of Fort Pierce. Pineapple was the agricultural king of St. Lucie County from the turn of the 20th century until its collapse following World War I. Fort Pierce News reports on river traffic and the occasional steamboat groundings, the birth of St. Lucie County, and nearby Indian reservations, etc. With the advance of the railroads into southern Florida along Atlantic coast routes, additional reporting is given to rail lines and tourism. Some reports suggest that the Fort Pierce News began as early as December 1902.--E. Kesse, University of Florida Digital Library Center.</subfield></datafield><datafield ind1=" " ind2=" " tag="530"><subfield code="a">Archived issues are available in digital format as part of the Library of Congress Chronicling America online collection.</subfield></datafield><datafield ind1=" " ind2=" " tag="588"><subfield code="a">Description based on: Vol. 3, no. 50 (Nov. 16, 1906).</subfield></datafield><datafield ind1=" " ind2=" " tag="588"><subfield code="a">Latest issue consulted: Vol. 15, no. 20 (Dec. 29, 1917).</subfield></datafield><datafield ind1=" " ind2="0" tag="651"><subfield code="a">Fort Pierce (Fla.)</subfield><subfield code="v">Newspapers.</subfield></datafield><datafield ind1=" " ind2="0" tag="651"><subfield code="a">Saint Lucie County (Fla.)</subfield><subfield code="v">Newspapers.</subfield></datafield><datafield ind1=" " ind2="7" tag="655"><subfield code="a">Newspapers.</subfield><subfield code="2">fast</subfield><subfield code="0">(OCoLC)fst01423814</subfield></datafield><datafield ind1=" " ind2="7" tag="651"><subfield code="a">Florida</subfield><subfield code="z">Fort Pierce.</subfield><subfield code="2">fast</subfield><subfield code="0">(OCoLC)fst01216524</subfield></datafield><datafield ind1=" " ind2="7" tag="651"><subfield code="a">Florida</subfield><subfield code="z">Saint Lucie County.</subfield><subfield code="2">fast</subfield><subfield code="0">(OCoLC)fst01210220</subfield></datafield><datafield ind1=" " ind2=" " tag="752"><subfield code="a">United States</subfield><subfield code="b">Florida</subfield><subfield code="c">Saint Lucie</subfield><subfield code="d">Fort Pierce.</subfield></datafield><datafield ind1="0" ind2="7" tag="785"><subfield code="t">St. Lucie County tribune</subfield><subfield code="w">(DLC)sn 89058426</subfield><subfield code="w">(OCoLC)19867935</subfield></datafield><datafield ind1="0" ind2="7" tag="785"><subfield code="t">Fort Pierce news-tribune</subfield><subfield code="w">(DLC)sn 96027171</subfield><subfield code="w">(OCoLC)1379259</subfield></datafield><datafield ind1=" " ind2=" " tag="850"><subfield code="a">DLC</subfield><subfield code="a">FU</subfield></datafield><datafield ind1="4" ind2="1" tag="856"><subfield code="u">http://www.loc.gov/chroniclingamerica/lccn/sn96027172/issues</subfield></datafield></record>